<record xmlns="http://www.loc.gov/MARC21/slim" xmlns:xsi="http://www.w3.org/2001/XMLSchema-instance" xsi:schemaLocation="http://www.loc.gov/MARC21/slim http://www.loc.gov/standards/marcxml/schema/MARC21slim.xsd"><leader>     nam a22        4500</leader><controlfield tag="001">3239723</controlfield><controlfield tag="003">NNC</controlfield><controlfield tag="006">m        d        </controlfield><controlfield tag="007">cr cn |||m|||a</controlfield><controlfield tag="008">150313s1899    ua      o     000 0 ara d</controlfield><datafield ind1=" " ind2=" " tag="040"><subfield code="a">NNU</subfield><subfield code="b">eng</subfield><subfield code="e">rda</subfield><subfield code="c">NNU</subfield></datafield><datafield ind1=" " ind2=" " tag="043"><subfield code="a">ar-----</subfield></datafield><datafield ind1=" " ind2="4" tag="050"><subfield code="a">BJ1533.G4</subfield><subfield code="b">Z29 1899</subfield></datafield><datafield ind1="1" ind2=" " tag="100"><subfield code="6">880-01</subfield><subfield code="a">Zayda&#772;n, Ibra&#772;hi&#772;m.</subfield></datafield><datafield ind1="1" ind2="0" tag="245"><subfield code="6">880-02</subfield><subfield code="a">Nawa&#772;dir al-kira&#772;m fi&#772; al-Ja&#772;hili&#772;yah wa-al-Isla&#772;m :</subfield><subfield code="b">wa-huwa yah&#803;tawi&#772; &#699;ala&#769; ashha&#769; nawa&#772;dir al-sakha&#772;&#700; allati&#772; jarat ayya&#772;ma al-Bara&#772;mikah wa-man ja&#772;ra&#772;hum min al-kurama&#772;&#700; ka-Ma&#699;n ibn Za&#772;&#700;idah wa-H&#803;a&#772;tim al-T&#803;a&#772;&#700;i&#772; wa-al-khulafa&#772;&#700; wa-ghayrihim /</subfield><subfield code="c">li-ja&#772;mi&#699;ihi Ibra&#772;hi&#772;m Zayda&#772;n.</subfield></datafield><datafield ind1=" " ind2=" " tag="260"><subfield code="6">880-03</subfield><subfield code="a">Mis&#803;r :</subfield><subfield code="b">Mat&#803;ba&#699;at al-Hila&#772;l,</subfield><subfield code="c">1899.</subfield></datafield><datafield ind1=" " ind2=" " tag="300"><subfield code="a">online resource (170 pages, 4 pages)</subfield></datafield><datafield ind1=" " ind2=" " tag="336"><subfield code="a">text</subfield><subfield code="2">rdacontent</subfield></datafield><datafield ind1=" " ind2=" " tag="337"><subfield code="a">computer</subfield><subfield code="2">rdamedia</subfield></datafield><datafield ind1=" " ind2=" " tag="338"><subfield code="a">online resource</subfield><subfield code="2">rdacarrier</subfield></datafield><datafield ind1=" " ind2=" " tag="500"><subfield code="a">Part of the Arabic Collections Online (ACO) project, contributed by Columbia University Libraries.</subfield></datafield><datafield ind1=" " ind2=" " tag="533"><subfield code="a">Electronic reproduction.</subfield><subfield code="b">New York, N.Y. :</subfield><subfield code="c">New York University,</subfield><subfield code="d">2015.</subfield><subfield code="5">NNU</subfield></datafield><datafield ind1=" " ind2="0" tag="650"><subfield code="a">Generosity.</subfield></datafield><datafield ind1=" " ind2="0" tag="651"><subfield code="a">Arabian Peninsula</subfield><subfield code="x">Social life and customs.</subfield></datafield><datafield ind1=" " ind2="7" tag="650"><subfield code="a">Generosity.</subfield><subfield code="2">fast</subfield><subfield code="0">(OCoLC)fst00939983</subfield></datafield><datafield ind1=" " ind2="7" tag="650"><subfield code="a">Manners and customs.</subfield><subfield code="2">fast</subfield><subfield code="0">(OCoLC)fst01007815</subfield></datafield><datafield ind1=" " ind2="7" tag="651"><subfield code="a">Arabian Peninsula.</subfield><subfield code="2">fast</subfield><subfield code="0">(OCoLC)fst01240131</subfield></datafield><datafield ind1="2" ind2=" " tag="710"><subfield code="a">Columbia University.</subfield><subfield code="b">Libraries.</subfield></datafield><datafield ind1="0" ind2=" " tag="730"><subfield code="a">Arabic Collections Online.</subfield></datafield><datafield ind1="0" ind2="8" tag="776"><subfield code="i">Print version:</subfield><subfield code="a">Zayda&#772;n, Ibra&#772;hi&#772;m.</subfield><subfield code="t">Nawa&#772;dir al-kira&#772;m fi&#772; al-Ja&#772;hili&#772;yah wa-al-Isla&#772;m</subfield><subfield code="w">(NNC)3239723</subfield><subfield code="w">(OCoLC)13820214</subfield></datafield><datafield ind1="4" ind2="0" tag="856"><subfield code="u">http://hdl.handle.net/2333.1/0gb5mnw0</subfield></datafield><datafield ind1="1" ind2=" " tag="880"><subfield code="6">100-01/r</subfield><subfield code="a">&#1586;&#1610;&#1583;&#1575;&#1606;&#1548; &#1575;&#1576;&#1585;&#1575;&#1607;&#1610;&#1605;.</subfield></datafield><datafield ind1="1" ind2="0" tag="880"><subfield code="6">245-02/r</subfield><subfield code="a">&#1606;&#1608;&#1575;&#1583;&#1585; &#1575;&#1604;&#1603;&#1585;&#1575;&#1605; &#1601;&#1610; &#1575;&#1604;&#1580;&#1575;&#1607;&#1604;&#1610;&#1577; &#1608;&#1575;&#1604;&#1575;&#1587;&#1604;&#1575;&#1605; :</subfield><subfield code="b">&#1608;&#1607;&#1608; &#1610;&#1581;&#1578;&#1608;&#1610; &#1593;&#1604;&#1609; &#1575;&#1588;&#1607;&#1609; &#1606;&#1608;&#1575;&#1583;&#1585; &#1575;&#1604;&#1587;&#1582;&#1575;&#1569; &#1575;&#1604;&#1578;&#1610; &#1580;&#1585;&#1578; &#1575;&#1610;&#1575;&#1605; &#1575;&#1604;&#1576;&#1585;&#1575;&#1605;&#1603;&#1577; &#1608;&#1605;&#1606; &#1580;&#1575;&#1585;&#1575;&#1607;&#1605; &#1605;&#1606; &#1575;&#1604;&#1603;&#1585;&#1605;&#1575;&#1569; &#1603;&#1605;&#1593;&#1606; &#1576;&#1606; &#1586;&#1575;&#1574;&#1583;&#1577; &#1608;&#1581;&#1575;&#1578;&#1605; &#1575;&#1604;&#1591;&#1575;&#1574;&#1610; &#1608;&#1575;&#1604;&#1582;&#1604;&#1601;&#1575;&#1569; &#1608;&#1594;&#1610;&#1585;&#1607;&#1605; /</subfield><subfield code="c">&#1604;&#1580;&#1575;&#1605;&#1593;&#1607; &#1575;&#1576;&#1585;&#1575;&#1607;&#1610;&#1605; &#1586;&#1610;&#1583;&#1575;&#1606;.</subfield></datafield><datafield ind1=" " ind2=" " tag="880"><subfield code="6">260-03/r</subfield><subfield code="a">&#1605;&#1589;&#1585; :</subfield><subfield code="b">&#1605;&#1591;&#1576;&#1593;&#1577; &#1575;&#1604;&#1607;&#1604;&#1575;&#1604;&#1548;</subfield><subfield code="c">1899.</subfield></datafield><datafield ind1=" " ind2=" " tag="959"><subfield code="a">NNU</subfield><subfield code="b">WEB</subfield><subfield code="c">GENI</subfield><subfield code="t">0</subfield><subfield code="m">Electronic access</subfield><subfield code="s">01</subfield></datafield><datafield ind1=" " ind2=" " tag="999"><subfield code="i">NNC_3239723</subfield><subfield code="o">(OCoLC)ocm13820214 </subfield><subfield code="s">columbia_aco000588</subfield></datafield></record>